% Optional fields: author, title, howpublished, month, year, note
@MISC{pygmalion,
    title = "\href{http://gutenberg.net.au/ebooks06/0607251h.html}{\rendulien{www.gutenberg.net.au}}"
}

% Optional fields: author, title, howpublished, month, year, note
@MISC{viewmaster,
title = "\href{https://www.doyouremember.co.uk/memory/view-master}{\rendulien{www.doyouremember.co.uk}}"
}

@MISC{sensorama,
title = "\href{https://en.wikipedia.org/wiki/Sensorama\#/media/File:Sensorama-morton-heilig-virtual-reality-headset.jpg}{\rendulien{www.wikipedia.org}}"
}

@MISC{data,
title = "\href{http://coolshitindustries.com/2011/10/dataglove-with-ghetto-flex-sensors-circa-2000/}{\rendulien{www.coolshitidustries.com}}"
}


@MISC{sega,
title = "\href{http://www.gameblog.fr/blogs/gamer3vies/p\_118282\_le-sega-vr-le-casque-de-realite-avant-l-heure}{\rendulien{www.gameblog.fr}}"
}

@MISC{occulus,
title = "\href{https://www.bestbuy.ca/fr-ca/product/systeme-rift-to}{\rendulien{www.bestbuy.ca}}"
}

% Optional fields: author, title, howpublished, month, year, note
@MISC{google,
title = "\href{http://www.zdnet.fr/actualites/le-projet-google-glass-bouge-encore-39854132.htm}{\rendulien{www.znet.fr}}"
}

% Optional fields: author, title, howpublished, month, year, note
@MISC{oeil,
title = "\href{http://myopie53.skyrock.com/324440270-Schema-recapitulatif-de-la-structure-de-l-oeil.html}{\rendulien{www.myopie.skyrok.com}}"
}

% Optional fields: author, title, howpublished, month, year, note
@MISC{formation,
title = "\href{https://www.maxicours.com/se/fiche/8/7/377178.html/1es}{\rendulien{www.maxicours.com}}"

}

% Optional fields: author, title, howpublished, month, year, note
@MISC{photo,
title = "\href{https://sites.google.com/site/lacameramultiplanedewaltdisney/la-camera-multiplane/la-camera-multiplane-c-est-avant-tout-un-appareil-photo}{\rendulien{www.sites.google.com}}"

}


% Optional fields: author, title, howpublished, month, year, note
@MISC{retine,
title = "\href{http://www.cvm.qc.ca/artsplastiques/510\_a14/3\_Physiologie.htm}{\rendulien{www.cvm.qc.ca}}"

}

% Optional fields: author, title, howpublished, month, year, note
@MISC{cerveau,
title = "\href{https://loupapon.fr.gd/traitement-cortical-de-l-h-information-visuelle.htm}{\rendulien{www.loupapon.fr.gd}}"
}

% Optional fields: author, title, howpublished, month, year, note
@MISC{htc,
title = "\href{https://www.currys.co.uk/gbuk/tv-and-home-entertainment/gaming/virtual-reality/htc-vive-10144056-pdt.html}{\rendulien{www.currys.co.uk}}"

}

% Optional fields: author, title, howpublished, month, year, note
@MISC{eclate,
    title = "\href{http://www.etr.fr/osvr/}{\rendulien{www.etr.fr}}"

}

% Optional fields: author, title, howpublished, month, year, note
@MISC{ecran,
    title = "\href{https://www.360natives.com/fonctionnement-realite-virtuelle/}{\rendulien{www.360natives.com}}"

}

% Optional fields: author, title, howpublished, month, year, note
@MISC{etude,
    title = "\href{https://my.survio.com/C0A3M7C0C4I5A9Y5N0O9/data/index}{\rendulien{www.survio.com} {\normalfont\footnotesize(mail : \tt{m.bagrel@yahoo.fr} passwd : \tt{marinette2808)}}}"
}

% Optional fields: author, title, howpublished, month, year, note
@MISC{complexe,
    title = "\href{http://sites.crdp-aquitaine.fr/stl/lexique/complexe-hypothalamo-hypophysaire/}{\rendulien{www.sites.crdp-aquitaine.fr}}"
}

% Optional fields: author, title, howpublished, month, year, note
@MISC{conduite,
    title = "\href{http://www.develter.com/simulateurs-conduite-\_l\_FR\_r\_40.html}{\rendulien{www.develtercom}}"
}

% Optional fields: author, title, howpublished, month, year, note
@MISC{vol,
    title = "\href{https://fr.wikipedia.org/wiki/Simulateur\_de\_vol}{\rendulien{www.wikipedia.org}}"
}

% Optional fields: author, title, howpublished, month, year, note
@MISC{led,
    title = "\href{https://www.lesnumeriques.com/tv-televiseur/comprendre-est-quoi-tv-led-oled-a1591.html}{\rendulien{www.lesnumeriques.com}}"
}


% Optional fields: author, title, howpublished, month, year, note
@MISC{oreille,
    title = "\href{http://www.lesvertiges.com/fr/otoconies-recepteurs-otolithiques.html}{\rendulien{www.lesvertiges.com}}"
}


% Optional fields: author, title, howpublished, month, year, note
@MISC{1,
    title = "\href{http://www.passeportsante.net/fr/Actualites/Nouvelles/Fiche.aspx?doc=casque-realite-virtuelle-dangers-sante-troubles-visuels-nausees}{\rendulien{www.passeportsante.net}}"
}

% Optional fields: author, title, howpublished, month, year, note
@MISC{2,
    title = "\href{https://www.realite-virtuelle.com/cerveau-realite-virtuelle-dangers}{\rendulien{www.realite-virtuelle.com}}"
}

% Optional fields: author, title, howpublished, month, year, note
@MISC{3,
    title = "\href{https://www.definitions-marketing.com/definition/realite-virtuelle/}{\rendulien{www.d√©finitions-marketing.com}}"
}


% Optional fields: author, title, howpublished, month, year, note
@MISC{4,
    title = "\href{https://www.realitevirtuelle360.com/definition-qu-est-ce-que-la-realite-virtuelle/}{\rendulien{www.realitevirtuelle360.com}}"
}

% Optional fields: author, title, howpublished, month, year, note
@MISC{5,
    title = "\href{http://hyperbate.fr/dernier/?p=1544}{\rendulien{www.hyperbate.fr}}"
}

% Optional fields: author, title, howpublished, month, year, note
@MISC{6,
title = "\href{http://www.lemonde.fr/grands-formats/visuel/2017/04/17/comment-la-realite-virtuelle-joue-avec-votre-cerveau\_5112541\_4497053.html
}{\rendulien{www.lemonde.fr}}"
}

% Optional fields: author, title, howpublished, month, year, note
@MISC{7,
title = "\href{https://www.gatinel.com/recherche-formation/casque-de-realite-virtuelle-oculus-rift/}{\rendulien{www.gatinel.com}}"
}


% Optional fields: author, title, howpublished, month, year, note
@MISC{8,
title = "\href{http://www.jeuxvideo.com/news/450812/nvidia-travaille-sur-une-nouvelle-generation-de-casques-de-realite-virtuelle.htm}{\rendulien{www.jeuxvideo.com}}"
}

% Optional fields: author, title, howpublished, month, year, note
@MISC{9,
title = "\href{https://gizmodo.com/5994263/whats-inside-the-oculus-rift-virtual-reality-headset}{\rendulien{www.gizmodo.com}}"
}

% Optional fields: author, title, howpublished, month, year, note
@MISC{11,
title = "\href{http://0540044e.esidoc.fr/search.php?pid=\&action=Record\&id=MF\_MF1501211431968\_2015\&num=3\&total=14}{\rendulien{www.esidoc.fr}}"
}

% Optional fields: author, title, howpublished, month, year, note
@MISC{12,
title = "\href{http://0540044e.esidoc.fr/search.php?pid=\&action=Record\&id=MF\_MF1704191457343\_2017\&num=1\&total=2}{\rendulien{www.esidoc.fr}}"
}

% Optional fields: author, title, howpublished, month, year, note
@MISC{13,
title = "\href{http://0540044e.esidoc.fr/search.php?pid=\&action=Record\&id=MF\_MF1603251313747\_2016\&num=8\&total=137}{\rendulien{www.esidoc.fr}}"
}
